@book{ref,
  author={Gilbert and Gouy, Manolo},
  title={Bioinformatique-2e {\'e}dition: Cours et applications},
  year={2015},
  publisher={Dunod}
}
@article{ref2,
 author={Jacques van Helden },
 title={Bioinformatique appliqu√©e},
 year={2010}
 
}
@article{ref3,
  title={TH ESE DE DOCTORAT DE L'UNIVERSIT E DE PARIS VII},
  author={Nadia, EL-MABROUK and Baeza-Yates, Pr Ricardo and Crochemore, Pr Maxime and ed erique Lisacek, Fr},
  year={2010}
 
}
@inproceedings{ref4,
  title={An ensemble of cooperative parallel metaheuristics for gene selection in cancer classification},
  author={Boucheham, Anouar and Batouche, Mohamed and Meshoul, Souham},
  booktitle={International Conference on Bioinformatics and Biomedical Engineering},
  pages={301--312},
  year={2015},
  organization={Springer}
}
@book{ref5,
  title={Bioinformatics and Biomedical Engineering: Third International Conference, IWBBIO 2015, Granada,    Spain, April 15-17, 2015. Proceedings},
  author={Ortu{\~n}o, Francisco and Rojas, Ignacio},
  volume={9044},
  year={2015},
  publisher={Springer}
}
@article{ref6,
  title={From machine learning to deep learning: progress in machine intelligence for rational drug discovery},
  author={Zhang, Lu and Tan, Jianjun and Han, Dan and Zhu, Hao},
  journal={Drug discovery today},
  volume={22},
  number={11},
  pages={1680--1685},
  year={2017},
  publisher={Elsevier}
}