@book{ref24,
  title={The python language reference manual},
  author={Van Rossum, Guido and Drake, Fred L},
  year={2011},
  publisher={Network Theory Ltd.}
}
@book{ref25,
  title={Introduction to neural networks with Java},
  author={Heaton, Jeff},
  year={2008},
  publisher={Heaton Research, Inc.}
}
 
@incollection{ref26,
  title={CHEERBOT: A Step Ahead of Conventional ChatBot},
  author={Maniyar, Chintan Bimal and Bhatt, Chintan M and Pandit, Tejas Nimeshkumar and Yadav, Dewanshi     Harishankar},
  booktitle={Next-Generation Wireless Networks Meet Advanced Machine Learning Applications},
  pages={306--322},
  year={2019},
  publisher={IGI Global}
}

 @article{ref27,
  title={Efficient estimation of word representations in vector space},
  author={Mikolov, Tomas and Chen, Kai and Corrado, Greg and Dean, Jeffrey},
  journal={arXiv preprint arXiv:1301.3781},
  year={2013}
}

@inproceedings{ref28,
  title={Imagenet classification with deep convolutional neural networks},
  author={Krizhevsky, Alex and Sutskever, Ilya and Hinton, Geoffrey E},
  booktitle={Advances in neural information processing systems},
  pages={1097--1105},
  year={2012}
}
@article{ref29,
  title={A model of the sequential bending process for manufacturing simulation},
  author={Hardt, DE and Constantine, E and Wright, A},
  journal={Journal of engineering for industry},
  volume={114},
  number={2},
  pages={181--187},
  year={1992},
  publisher={American Society of Mechanical Engineers}
}
@inproceedings{ref30,
  title={Deep supervised learning for hyperspectral data classification through convolutional neural networks},
  author={Makantasis, Konstantinos and Karantzalos, Konstantinos and Doulamis, Anastasios and Doulamis, Nikolaos},
  booktitle={2015 IEEE International Geoscience and Remote Sensing Symposium (IGARSS)},
  pages={4959--4962},
  year={2015},
  organization={IEEE}
}
@article{ref31,
  title={Keras documentation},
  author={Chollet, Fran{\c{c}}ois},
  journal={keras. io},
  year={2015}
}
@phdthesis{ref32,
  title={Conception et r{\'e}alisation d'une application Android pour la gestion des ressources humaines    synchronis{\'e} avec l'ERP Odoo},
  author={Machouche, Kahina and Amroun, Kamel and others},
  year={2018},
  school={Universit{\'e} Abderrahmane Mira-Bejaia}
}
@inproceedings{ref33,
  title={Why don't software developers use static analysis tools to find bugs?},
  author={Johnson, Brittany and Song, Yoonki and Murphy-Hill, Emerson and Bowdidge, Robert},
  booktitle={Proceedings of the 2013 International Conference on Software Engineering},
  pages={672--681},
  year={2013},
  organization={IEEE Press}
}
@article{ref34,
  title={The python language},
  author={van Rossum, Guido and others},
  journal={See http://www. python. org},
  year={1990}
}
@inproceedings{ref35,
  title={Constrained multibody dynamics with Python: From symbolic equation generation to publication},
  author={Gede, Gilbert and Peterson, Dale L and Nanjangud, Angadh S and Moore, Jason K and Hubbard, Mont},
  booktitle={ASME 2013 international design engineering technical conferences and computers and information in engineering conference},
  pages={V07BT10A051--V07BT10A051},
  year={2013},
  organization={American Society of Mechanical Engineers}
}
@inproceedings{ref36,
  title={TensorFlow--A system for large-scale machine learning},
  author={Chen, Hong-Yunn and others},
  booktitle={OSDI},
  volume={16},
  pages={265--283},
  year={2016}
}
@article{ref37,
  title={Spatio-Temporal Emotion Recognition},
  author={Ventall{\'o}, Xenia Salinas}
}








