@book{ref,
  title={Deep Learning mit Python und Keras: Das Praxis-Handbuch vom Entwickler der Keras-Bibliothek},
  author={Chollet, Francois},
  year={2018},
  publisher={MITP-Verlags GmbH \& Co. KG}
}

@article{ref2,
  title={A quantum evolutionary algorithm for data clustering},
  author={Ramdane, Chafika and Meshoul, Souham and Batouche, Mohamed and Kholladi, Mohamed-Khireddine},
  journal={International Journal of Data Mining, Modelling and Management},
  year={2010},
  publisher={Inderscience Publishers}
}

@book{ref3,
  title={Data mining and statistics for decision making},
  author={Tuff{\'e}ry, St{\'e}phane},
  year={2011},
  publisher={John Wiley \& Sons}
}
@book{ref4,
  title={Les r{\'e}seaux de neurones artificiels},
  author={Blayo, Fran{\c{c}}ois and Verleysen, Michel},
  year={1996},
  publisher={Inderscience Publishers}
}
@misc{ref5,
  title={Artificial Intelligence for Humans, Volume 3: Neural Networks and Deep Learning},
  author={Heaton, Jeff},
  year={2015},
  publisher={Edited by Tracy Heaton. Heaton Research, Inc}
}
@book{ref6,
  title={Neural networks for pattern recognition},
  author={Bishop, Christopher M and others},
  year={1995},
  publisher={Oxford university press}
}
@book{ref7,
  title={Artificial intelligence: a modern approach},
  author={Russell, Stuart J and Norvig, Peter},
  year={2016},
  publisher={Malaysia; Pearson Education Limited,}
}
@inproceedings{ref8,
  title={Ensemble deep learning for speech recognition},
  author={Deng, Li and Platt, John C},
  booktitle={Fifteenth Annual Conference of the International Speech Communication Association},
  year={2014}
}
