@article{ref,
  title={Le titre de pharmacien et ses pr{\'e}rogatives},
  author={Fouassier, Eric},
  journal={Revue d'histoire de la pharmacie},
  volume={91},
  number={339},
  pages={417--426},
  year={2003},
  publisher={Soci{\'e}t{\'e} d'histoire de la pharmacie}
}

@book{ref2,
  title={Droit pharmaceutique},
  author={Guerriaud, Mathieu},
  year={2016},
  publisher={Elsevier Masson}
}
@phdthesis{ref3,
  title={DOCTEUR DE L’UNIVERSIT{\'E} SORBONNE PARIS CITE-PARIS 13},
  author={PORQUERAS, Diego SANTO DOMINGO},
  year={2016},
  school={Universit{\'e} Paris 13}
}
@article{ref4,
  title={The rise of deep learning in drug discovery},
  author={Chen, Hongming and Engkvist, Ola and Wang, Yinhai and Olivecrona, Marcus and Blaschke, Thomas},
  journal={Drug discovery today},
  volume={23},
  number={6},
  pages={1241--1250},
  year={2018},
  publisher={Elsevier}
}
@book{ref5,
  title={Biology: concepts \& connections},
  author={Campbell, Neil A and Mitchell, Lawrence G and Reece, Jane B and Bishop, Jacqueline},
   year={1997},
  publisher={Benjamin Cummings Menlo Park, Calif.}
}
@book{ref6,
  title={Principles and techniques of practical biochemistry},
  author={Wilson, Keith and Walker, John},
  year={2000},
  publisher={Cambridge University Press}
}
@article{ref7,
  title={La r{\'e}gulation de l'acidit{\'e} dans l'organisme},
  author={Counillon, Laurent},
  journal={Pour la science},
  year={2001},
  publisher={Pour la science}
}
 @book{ref8,
  title={Evolution and the emergent self: The rise of complexity and behavioral versatility in nature},
  author={Neubauer, Raymond L},
  year={2011},
  publisher={Columbia University Press}
}
@article{ref9,
  title={Compendium of chemical terminology. IUPAC recommendations},
  author={McNaught, Alan D and Wilkinson, Andrew and others},
  journal={Drug discovery},
  year={1997},
  publisher={Oxford (United Kingdom) Blackwell}
}

%cahpdeep



@book{ref10,
  title={Deep Learning mit Python und Keras: Das Praxis-Handbuch vom Entwickler der Keras-Bibliothek},
  author={Chollet, Francois},
  year={2018},
  publisher={MITP-Verlags GmbH \& Co. KG}
}

@article{ref11,
  title={A quantum evolutionary algorithm for data clustering},
  author={Ramdane, Chafika and Meshoul, Souham and Batouche, Mohamed and Kholladi, Mohamed-Khireddine},
  journal={International Journal of Data Mining, Modelling and Management},
  year={2010},
  publisher={Inderscience Publishers}
}

@book{ref12,
  title={Data mining and statistics for decision making},
  author={Tuff{\'e}ry, St{\'e}phane},
  year={2011},
  publisher={John Wiley \& Sons}
}
@book{ref13,
  title={Les r{\'e}seaux de neurones artificiels},
  author={Blayo, Fran{\c{c}}ois and Verleysen, Michel},
  year={1996},
  publisher={Inderscience Publishers}
}
@misc{ref14,
  title={Artificial Intelligence for Humans, Volume 3: Neural Networks and Deep Learning},
  author={Heaton, Jeff},
  year={2015},
  publisher={Edited by Tracy Heaton. Heaton Research, Inc}
}
@book{ref15,
  title={Neural networks for pattern recognition},
  author={Bishop, Christopher M and others},
  year={1995},
  publisher={Oxford university press}
}
@book{ref16,
  title={Artificial intelligence: a modern approach},
  author={Russell, Stuart J and Norvig, Peter},
  year={2016},
  publisher={Malaysia; Pearson Education Limited,}
}
@inproceedings{ref17,
  title={Ensemble deep learning for speech recognition},
  author={Deng, Li and Platt, John C},
  booktitle={Fifteenth Annual Conference of the International Speech Communication Association},
  year={2014}
}

%biblio bioinformatique

@book{ref18,
  author={Gilbert and Gouy, Manolo},
  title={Bioinformatique-2e édition: Cours et applications},
  year={2015},
  publisher={Dunod}
}
@article{ref19,
 author={Jacques van Helden },
 title={Bioinformatique appliquée},
  journal={Bioinformatique appliquée},
 year={2010}
 
}
@article{ref20,
  title={TH ESE DE DOCTORAT DE L'UNIVERSIT E DE PARIS VII},
  author={Nadia, EL-MABROUK and Baeza-Yates, Pr Ricardo and Crochemore, Pr Maxime and ed erique Lisacek, Fr},
  journal={TH ESE DE DOCTORAT DE L'UNIVERSIT E DE PARIS VII},
  year={2010}
 
}
@inproceedings{ref21,
  title={An ensemble of cooperative parallel metaheuristics for gene selection in cancer classification},
  author={Boucheham, Anouar and Batouche, Mohamed and Meshoul, Souham},
  booktitle={International Conference on Bioinformatics and Biomedical Engineering},
  pages={301--312},
  year={2015},
  organization={Springer}
}
@book{ref22,
  title={Bioinformatics and Biomedical Engineering: Third International Conference, IWBBIO 2015, Granada,       Spain, April 15-17, 2015. Proceedings},
  author={Ortu{\~n}o, Francisco and Rojas, Ignacio},
  volume={9044},
  year={2015},
  publisher={Springer}
}
@article{ref23,
  title={From machine learning to deep learning: progress in machine intelligence for rational drug discovery},
  author={Zhang, Lu and Tan, Jianjun and Han, Dan and Zhu, Hao},
  journal={Drug discovery today},
  volume={22},
  number={11},
  pages={1680--1685},
  year={2017},
  publisher={Elsevier}
}


